@misc{wd:epntap,
  author={St\'ephane Erard and Baptiste Cecconi and Pierre {Le Sidaner}},
  editor={Baptiste Cecconi and Markus Demleitner},
  howpublished={{IVOA Working Draft 2019 April 2}},
  title={{EPN-TAP: Publishing Solar System Data to the Virtual Observatory}},
  year=2019,
  url={},
}

@article{erard-vespa,
  author = {Erard, S. and Cecconi, Baptiste and Le Sidaner, Pierre and Rossi, Angelo Pio and Capria, M T and Schmitt, Bernard and G{\'e}not, V and Andr{\'e}, N and Vandaele, Ann Carin and Scherf, Manuel and Hueso, Ricardo and Maatanen, Anni and Thuillot, William and Carry, Beno{\^\i}t and Achilleos, N and Marmo, Chiara and Santol{\'\i}k, Ondrej and Benson, K M and Fernique, Pierre and Beigbeder, L and Rousseau, Batiste and Andrieu, Fran{\c c}ois and Chauvin, Cyril and Minin, M and Ivanovski, Stavro L and Longobardo, Andrea and Albert, Damien and Gangloff, M and Jourdane, Nathanael and Bouchemit, M and Glorian, Jean-Michel and Trompet, Lo{\"\i}c and Al-Ubaidi, Tarek and Juaristi, Jon and Desmars, Josselin and Guio, P and Delaa, Omar and Lagain, Anthony and Sou{\v c}ek, Jan and Pisa, David},
  title = {{VESPA: a community-driven Virtual Observatory in Planetary Science  }},
  journal = {Planet. Space Sci.},
  year = {2018},
  volume = {150},
  pages = {65--68},
  doi = {10.1016/j.pss.2017.05.013},
}

@misc{tn:solar-system-ucd, 
  author = {Cecconi, B. and Erard, S. and Andr\'e, N. and Jacquey, C. and G\'enot, V. and 
            Henry, F. and Bonnin, X. and {Le Sidaner}, P. and Chauvin, C. and Fuller, N. and 
            Braga, V. F. and Aboudarham, J. and Louys, M. and Derri\`ere, S. and {Preite Martinez}, A and 
            Ochsenbein, F.}, 
  title = {{Solar System UCDs: Assessment Study of Unified Content Descriptors (UCDs) for the Solar System Resources (Planetary sciences and Heliophysics)}}, 
  howpublished = {{IVOA Internal Technical Note}},
  url = {http://wiki.ivoa.net/internal/IVOA/PlanetaryUCD/SolarSystemUCD-V06.pdf},
  doi = {10.5281/zenodo.3479165},
  year = {2014},
}


@misc{std:UCDMAINT-PR,
        author = {Genova, {Fran\c coise} and Louys, Mireille and {Preite Martinez}, Andrea and
		  Cecconi, Baptiste and Derri\`ere, S\'ebastien and Molinaro, Marco and 
		  Delmotte, Nausicaa and Gray, Norman and Mann, Robert and McDowell, Jonathan and
		  {Mc Glynn}, Thomas and Ochsenbein, {Franc\c cois} and Osuna, Pedro and 
		  Rixon, Guy and Williams, Roy and {{the IVOA Semantics Working Group}}},
	editor = {Genova, {Fran\c coise} and Louys, Mireille},
        Howpublished = {{IVOA Recommendation}},
        Month = oct,
        Title = {Maintenance of the list of {UCD} words},
        Url = {http://www.ivoa.net/documents/UCDlistMaintenance/},
        Year = {2019},
}

@MISC{2018ivoa.spec.0527PM,
       author = {{Preite Martinez}, Andrea and {Louys}, Mireille and {Cecconi}, Baptiste and {Derriere}, Sebastien and {Ochsenbein}, Fran{\c{c}}ois and {IVOA Semantic Working Group}},
        title = "{The UCD1+ controlled vocabulary Version 1.3}",
 howpublished = {IVOA Recommendation 27 May 2018},
         year = 2018,
        month = may,
        pages = {527},
          doi = {10.5479/ADS/bib/2018ivoa.spec.0527M},
       adsurl = {https://ui.adsabs.harvard.edu/abs/2018ivoa.spec.0527M},
      adsnote = {Provided by the SAO/NASA Astrophysics Data System}
}

